@article{subtypeperf,
  title={Performance drawback with subtyping},
  author={Ronneesley Moura Teles},
  url={https://discourse.julialang.org/t/performance-drawback-with-subtyping/51939},
  journal={discourse.julialang.org},
  year={2020},
}

@article{unionsplitting,
  title={Union-splitting: what it is, and why you should care},
  author={Tim Holy},
  url={https://julialang.org/blog/2018/08/union-splitting/},
  journal={The Julia Language Blog},
  year={2018},
}

@article{typesortedcollections,
  title={TypeSortedCollections.jl},
  author={Twan Koolen, tkoolen@github},
  url={https://github.com/tkoolen/TypeSortedCollections.jl},
  year={2017},
  journal={Github},
}

@article{singledispatcharrays,
  title={SingleDispatchArrays.jl},
  author={melonedo@github},
  url={https://github.com/melonedo/SingleDispatchArrays.jl},
  year={2021},
  journal={Github},
}

@article{manualdispatch,
  title={SingleDispatchArrays.jl},
  author={John Lapeyre, jlapeyre@github},
  url={https://github.com/jlapeyre/ManualDispatch.jl},
  year={2020},
  journal={Github},
}